@article{akiba-tcs-2016,
title = "Branch-and-reduce exponential/{FPT} algorithms in practice: A case study of vertex cover",
journal = "Theoretical Computer Science",
volume = "609, Part 1",
number = "",
pages = "211--225",
year = "2016",
doi = "10.1016/j.tcs.2015.09.023",
author = "T. Akiba and Y. Iwata",
keywords = "Branch-and-reduce",
keywords = "Vertex cover",
keywords = "Exact exponential algorithms",
keywords = "FPT algorithms ",
}
