@article{DBLP:journals/corr/abs-1112-3506,
  title={Max-{C}ut parameterized above the {E}dwards-{E}rd{\H{o}}s bound},
  author={Crowston, Robert and Jones, Mark and Mnich, Matthias},
  journal={Algorithmica},
  volume={72},
  number={3},
  pages={734--757},
  year={2015},
  _doi="10.1007/s00453-014-9870-z"
}

@InProceedings{10.1007/978-3-642-32241-9_38,
author="Panolan, Fahad and Rai, Ashutosh",
title="On the Kernelization Complexity of Problems on Graphs without Long Odd Cycles",
booktitle="Proc. COCOON 2012",
year="2012",
pages="445--457",
}

@inproceedings{DBLP:conf/csr/Madathil0Z18,
  author    = {Jayakrishnan Madathil and
               Saket Saurabh and
               Meirav Zehavi},
  title     = {Max-Cut Above Spanning Tree is Fixed-Parameter Tractable},
  booktitle = {Proc. CSR 2018},
  pages     = {244--256},
  year      = {2018},
  series    = {LNCS},
  volume    = {10846},
  publisher = "Springer"
}

@Article{Etscheid2018,
	author="Etscheid, Michael
	and Mnich, Matthias",
	title="Linear Kernels and Linear-Time Algorithms for Finding Large Cuts",
	journal="Algorithmica",
	year="2018",
	volume="80",
	number="9",
	pages="2574--2615",
    _doi="10.1007/s00453-017-0388-z"
}

@article{Karger:1996:NAM:234533.234534,
	author = {Karger, David R and Stein, Clifford},
	title = {A New Approach to the Minimum Cut Problem},
	journal = {J. ACM},
	volume = {43},
	number = {4},
	year = {1996},
	pages = {601--640},
} 

@misc{mqlib,
	title = {{MQLib}},
	howpublished = "\url{https://github.com/MQLib/MQLib}",
	year = {2018}, 
	note = "[Online; accessed 2-September-2018]"
}

@misc{biqmac,
	title = {{BiqMac Library}},
	howpublished = "\url{http://biqmac.aau.at/biqmaclib.html}",
	year = {2018}, 
	note = "[Online; accessed 2-September-2018]"
}

@misc{rudy,
	title = {{Rudy}},
    author={Giovanni Rinaldi},
	howpublished = "\url{http://biqmac.aau.at/library/tar_files/mac_all.tar.gz}",
	year = {2018}, 
	note = "[Online; accessed 2-September-2018]"
}

@article{DunningEtAl2015,
	title={What Works Best When? A Framework for Systematic Heuristic Evaluation},
    author={Dunning, Iain and Gupta, Swati and Silberholz, John},
    year={2015}
}

@article{dunning-2018,
author = {Dunning, Iain and Gupta, Swati and Silberholz, John},
title = {What Works Best When? {A} Systematic Evaluation of Heuristics for {Max-Cut} and {QUBO}},
journal = {INFORMS J. Comput.},
volume = {30},
number = {3},
pages = {608--624},
year = {2018},
_doi = {10.1287/ijoc.2017.0798}
}

@article {RRW10,
	author={Rendl, Franz and Rinaldi, Giovanni and Wiegele, Angelika},
	title={Solving Max-Cut to Optimality by Intersecting Semidefinite and Polyhedral Relaxations},
	journal = {Math. Prog.},
	volume = {121},
	year = {2010},
	number = {2},
	pages = {307},
    _doi={10.1007/s10107-008-0235-8}
}

@article{DBLP:journals/corr/FariaKSS15,
  title={Improved kernels for Signed Max Cut parameterized above lower bound on ($r$, $l$)-graphs},
  author={Faria, Luerbio and Klein, Sulamita and Sau, Ignasi and Sucupira, Rubens},
  journal={Discrete Math. \& Theoret. Comput. Sci.},
  volume={19},
  number={1},
  year={2017},
  _doi={10.23638/DMTCS-19-1-14}
}

@article{DBLP:journals/corr/abs-1212-6848,
  title={Maximum balanced subgraph problem parameterized above lower bound},
  author={Crowston, Robert and Gutin, Gregory and Jones, Mark and Muciaccia, Gabriele},
  journal={Theoret. Comput. Sci.},
  volume={513},
  pages={53--64},
  year={2013},
  _doi="10.1016/j.tcs.2013.10.026"
}

@inproceedings{funke2017communication,
	title={Communication-free Massively Distributed Graph Generation},
	author={Funke, Daniel and Lamm, Sebastian and Sanders, Peter and Schulz, Christian and Strash, Darren and von Looz, Moritz},
	booktitle={Proc. IPDPS 2018},
	year={2018},
    _doi=""
}

@article{funke2019communication,
title = "Communication-free massively distributed graph generation",
journal = "J. Parallel Distributed Comput.",
volume = "131",
pages = "200--217",
year = "2019",
_doi = "10.1016/j.jpdc.2019.03.011",
author = "Daniel Funke and Sebastian Lamm and Ulrich Meyer and Manuel Penschuck and Peter Sanders and Christian Schulz and Darren Strash and Moritz von Looz",
keywords = "Graph generation, Communication-free, Distributed algorithms",
}

@article{sanders2016generators,
	title={Scalable generation of scale-free graphs},
	journal={Inf. Proc. Lett.},
	volume={116},
	number={7},
	pages={489--491},
	year={2016},
	author={Sanders, Peter and Schulz, Christian},
    _doi={10.1016/j.ipl.2016.02.004}
}

@inproceedings{Prieto:2005:MES:1082260.1082274,
	author = {Prieto, Elena},
	title = {The Method of Extremal Structure on the $k$-Maximum Cut Problem},
	booktitle = {Proc. CATS 2005},
	year = {2005},
	pages = {119--126},
    volume = {41},
    publisher="ACM",
    _doi={}
} 

@inbook{_doi:10.1002/3527603794.ch4,
	author = {Liers, Frauke and JÃ¼nger, Michael and Reinelt, Gerhard and Rinaldi, Giovanni},
	publisher = {Wiley-Blackwell},
	title = {Computing Exact Ground States of Hard Ising Spin Glass Problems by Branch-and-Cut},
	booktitle = {New Optimization Algorithms in Physics},
	chapter = {4},
	pages = {47-69},
	year = {2005},
}

@article{edwards1973some,
  title={Some extremal properties of bipartite subgraphs},
  author={Edwards, Christopher S},
  journal={Canad. J. Math.},
  volume={25},
  number={3},
  pages={475--485},
  year={1973},
  publisher={Cambridge University Press},
  _doi={10.4153/CJM-1973-048-x}
}

@inproceedings{edwards1975improved,
	title={An improved lower bound for the number of edges in a largest bipartite subgraph},
	author={Edwards, Christopher S.},
	booktitle={Proc. Second Czechoslovak Symposium on Graph Theory, Prague},
	pages={167--181},
	year={1975}
}
@article{van1993linear,
	title={Linear-time approximation algorithms for the max cut problem},
	author={Van Ngoc, Nguyen and Tuza, Zsolt},
	journal={Combinatorics, Probability Comput.},
	volume={2},
	number={2},
	pages={201--210},
	year={1993},
	publisher={Cambridge University Press},
    _doi={10.1017/S0963548300000596}
}





@article{mahajan1999parameterizing,
	title={Parameterizing above guaranteed values: {MaxSat} and {MaxCut}},
	author={Mahajan, Meena and Raman, Venkatesh},
	journal={J. Algorithms},
	volume={31},
	number={2},
	pages={335--354},
	year={1999},
}

@article{mahajan2009parameterizing,
	title={Parameterizing above or below guaranteed values},
	author={Mahajan, Meena and Raman, Venkatesh and Sikdar, Somnath},
	journal={J. Comput. Syst. Sci.},
	volume={75},
	number={2},
	pages={137--153},
	year={2009},
}

@article{gutin2010note,
  title={Note on maximal bisection above tight lower bound},
  author={Gutin, Gregory and Yeo, Anders},
  journal={Inf. Proc. Lett.},
  volume={21},
  number={110},
  pages={966--969},
  year={2010}
}

@article{crowston2014satisfying,
	title={Satisfying more than half of a system of linear equations over $GF(2)$: A multivariate approach},
	author={Crowston, Robert and Fellows, Michael and Gutin, Gregory and Jones, Mark and Kim, Eun J and Rosamond, Fran and Ruzsa, Imre Z. and Thomass{\'e}, St{\'e}phan and Yeo, Anders},
	journal={J. Comput. Syst. Sci.},
	volume={80},
	number={4},
	pages={687--696},
	year={2014},
}

@inproceedings{de1959file,
	title={File searching using variable length keys},
	author={De La Briandais, Rene},
	booktitle={Papers presented at the the March 3-5, 1959, western joint computer conference},
	pages={295--298},
	year={1959},
	organization={ACM},
    _doi={10.1145/1457838.1457895}
}
@article{fredkin1960trie,
	title={Trie memory},
	author={Fredkin, Edward},
	journal={Comm. ACM},
	volume={3},
	number={9},
	pages={490--499},
	year={1960},
    _doi="10.1145/367390.367400"
}

@incollection{karp1972reducibility,
	title={Reducibility among combinatorial problems},
	author={Karp, Richard M},
	booktitle={Complexity of Computer Computations},
	pages={85--103},
	year={1972},
	publisher={Springer},
    series={The IBM Research Symposia Series},
    _doi={10.1007/978-1-4684-2001-2_9}
}


@inproceedings{nr,
  title={The Network Data Repository with Interactive Graph Analytics and Visualization},
  author={Rossi, Ryan A. and Ahmed, Nesreen K.},
  booktitle={Proc. AAAI 2015},
  volume={15},
  pages={4292--4293},
  year={2015},
  _url = {https://www.aaai.org/ocs/index.php/AAAI/AAAI15/paper/view/9553/9856}
}

@article{burer2002rank,
  title={Rank-two relaxation heuristics for max-cut and other binary quadratic programs},
  author={Burer, Samuel and Monteiro, Renato D. C. and Zhang, Yin},
  journal={SIAM J. Optim.},
  volume={12},
  number={2},
  pages={503--521},
  year={2002},
}

@inproceedings{abu2004kernelization,
  author    = {Faisal N Abu{-}Khzam and
               Rebecca L Collins and
               Michael R Fellows and
               Michael A Langston and
               W Henry Suters and
               Christopher T Symons},
  title     = {Kernelization Algorithms for the Vertex Cover Problem: {T}heory and
               Experiments},
  booktitle = {Proc. ALENEX 2004},
  pages     = {62--69},
  year      = {2004},
}

@article{abu2007kernelization,
  author    = {Faisal N. Abu{-}Khzam and
               Michael R. Fellows and
               Michael A. Langston and
               W. Henry Suters},
  title     = {Crown Structures for Vertex Cover Kernelization},
  journal   = {Theory Comput. Syst.},
  volume    = {41},
  number    = {3},
  pages     = {411--430},
  year      = {2007},
  _doi       = {10.1007/s00224-007-1328-0}
}

@inproceedings{hespe2017scalable,
  title={Scalable Kernelization for Maximum Independent Sets},
  author={Hespe, Demian and Schulz, Christian and Strash, Darren},
  booktitle={Proc. ALENEX 2018},
  pages={223--237},
  year={2018},
  _doi={10.1137/1.9781611975055.19}
}

@article{lamm2017finding,
  title={Finding near-optimal independent sets at scale},
  author={Lamm, Sebastian and Sanders, Peter and Schulz, Christian and Strash, Darren and Werneck, Renato F},
  journal={J. Heuristics},
  volume={23},
  number={4},
  pages={207--229},
  year={2017},
  _doi={10.1007/s10732-017-9337-x}
}

@article{harary1959measurement,
  title={On the measurement of structural balance},
  author={Harary, Frank},
  journal={Behavioral Sci.},
  volume={4},
  number={4},
  pages={316--323},
  year={1959},
  _doi={10.1002/bs.3830040405}
}

@article{barahona1982computational,
  title={On the computational complexity of {I}sing spin glass models},
  author={Barahona, Francisco},
  journal={J. Phys. A: Mathematical and General},
  volume={15},
  number={10},
  pages={3241},
  year={1982},
  publisher={IOP Publishing},
  _doi="10.1088/0305-4470/15/10/028"
}

@article{harary2002signed,
  title={Signed graphs for portfolio analysis in risk management},
  author={Harary, Frank and Lim, Meng-Hiot and Wunsch, Donald C},
  journal={IMA J. Mgmt. Math.},
  volume={13},
  number={3},
  pages={201--210},
  year={2002},
  publisher={Oxford University Press},
  _doi={10.1093/imaman/13.3.201}
}

@article{chiang2007fast,
  title={Fast and efficient bright-field {AAPSM} conflict detection and correction},
  author={Chiang, Charles and Kahng, Andrew B and Sinha, Subarnarekha and Xu, Xu and Zelikovsky, Alexander Z},
  journal={IEEE Trans. Computer-Aided Design of Integrated Circuits Syst.},
  volume={26},
  number={1},
  pages={115--126},
  year={2007},
  _doi={10.1109/TCAD.2006.882642}
}

@article{barahona1988application,
  title={An Application of Combinatorial Optimization to Statistical Physics and Circuit Layout Design},
  author={Barahona, Francisco and Gr{\"o}tschel, Martin and J{\"u}nger, Michael and Reinelt, Gerhard},
  journal={Oper. Res.},
  volume={36},
  number={3},
  pages={493--513},
  year={1988},
  _doi="10.1287/opre.36.3.493"
}

@article{barahona1996network,
  title={Network design using cut inequalities},
  author={Barahona, Francisco},
  journal={SIAM J. Optim.},
  volume={6},
  number={3},
  pages={823--837},
  year={1996},
  publisher={SIAM},
  _doi={10.1137/S1052623494279134}
}

@incollection{de2013estimation,
  title={Estimation of distribution algorithm for the max-cut problem},
  author={de Sousa, Samuel and Haxhimusa, Yll and Kropatsch, Walter G},
  booktitle={Proc. GbRPR 2013},
  pages={244--253},
  year={2013},
  _doi={10.1007/978-3-642-38221-5_26},
  series="Lecture Notes Comput. Sci.",
  volume={7877},
  _publisher="Springer"
}

@BOOK{localsolverx2,
    title={Mathematical Programming Solver Based on Local Search},
    author={Gardi, Fr{\'e}d{\'e}ric and Benoist, Thierry and Darlay, Julien and Estellon, Bertrand and Megel, Romain},
    year={2014},
    publisher={ISTE Wiley},
    pages={112},
    series={FOCUS Series in Computer Engineering},
    _doi={10.1002/9781118966464}
}

@article{localsolverx1,
  title={Localsolver 1.x: a black-box local-search solver for 0-1 programming},
  author={Benoist, Thierry and Estellon, Bertrand and Gardi, Fr{\'e}d{\'e}ric and Megel, Romain and Nouioua, Karim},
  journal={4OR},
  volume={9},
  number={3},
  pages={299},
  year={2011},
  publisher={Springer},
  _doi={10.1007/s10288-011-0165-9},
  url={https://www.localsolver.com/},
  note = "[used in this work: Localsolver 8.0]"
}

@book{cygan2015parameterized,
  title={Parameterized algorithms},
  author={Cygan, Marek and Fomin, Fedor V and Kowalik, {\L}ukasz and Lokshtanov, Daniel and Marx, D{\'a}niel and Pilipczuk, Marcin and Pilipczuk, Micha{\l} and Saurabh, Saket},
  volume={3},
  publisher={Springer}
}

@book{downey2012parameterized,
  title={Parameterized complexity},
  author={Downey, Rodney G and Fellows, Michael R},
  year={2012},
  publisher={Springer Science \& Business Media}
}

@article{koenig,
    title={GrÃ¡fok Ã©s mÃ¡trixok},
    journal={Matematikai Ã©s Fizikai Lapok},
    author={KÅnig, DÃ©nes},
    year={1931},
    volume={38},
    pages={116--119}
}

@book{bondy1976graph,
  title={Graph theory with applications},
  author={Bondy, John A and Murty, U S R and others},
  volume={290},
  year={1976},
  publisher={Citeseer}
}

@article{erdos1965some,
  title={On some extremal problems in graph theory},
  author={Erd{\H{o}}s, Paul},
  journal={Israel J. Math.},
  volume={3},
  number={2},
  pages={113--116},
  year={1965},
  publisher={Springer}
}

@book{lengauer2012combinatorial,
  title={Combinatorial algorithms for integrated circuit layout},
  author={Lengauer, Thomas},
  year={2012},
  publisher={Springer Science \& Business Media}
}

@article{hadlock1975finding,
  title={Finding a maximum cut of a planar graph in polynomial time},
  author={Hadlock, Frank},
  journal={SIAM J. Comput.},
  volume={4},
  number={3},
  pages={221--225},
  year={1975},
  publisher={SIAM}
}

@inproceedings{xiong1988constrained,
  title={The constrained via minimization problem for PCB and VLSI design},
  author={Xiong, Xiao-Ming and Kuh, Ernest S},
  booktitle={Proc. DAC 1988},
  pages={573--578},
  year={1988},
  organization={IEEE Computer Society Press}
}

@article{barabasi1999emergence,
  title={Emergence of scaling in random networks},
  author={Barab{\'a}si, Albert-L{\'a}szl{\'o} and Albert, R{\'e}ka},
  journal={Science},
  volume={286},
  number={5439},
  pages={509--512},
  year={1999},
  publisher={American Association for the Advancement of Science}
}

@article{koch1998solving,
  title={Solving Steiner tree problems in graphs to optimality},
  author={Koch, Thorsten and Martin, Alexander},
  journal={Networks},
  volume={32},
  number={3},
  pages={207--232},
  year={1998},
  publisher={Wiley Online Library}
}

@article{erdos59a,
  added-at = {2010-05-05T00:38:27.000+0200},
  author = {Erd\H{o}s, Paul and R\'{e}nyi, Alfr\'{e}d},
  biburl = {https://www.bibsonomy.org/bibtex/25aab47a7be9ec47644735f8e0a4607b6/alex},
  interhash = {99061fc859ba540d4485abfbce44f298},
  intrahash = {5aab47a7be9ec47644735f8e0a4607b6},
  journal = {Publicationes Mathematicae Debrecen},
  keywords = {graph sna},
  pages = 290,
  timestamp = {2010-05-05T00:38:27.000+0200},
  title = {On Random Graphs I},
  volume = 6,
  year = 1959
}

@inproceedings{jia2004wireless,
  title={Wireless networks and random geometric graphs},
  author={Jia, Xingde},
  booktitle={Proc. SPAA 2004},
  pages={575--579},
  year={2004},
  organization={IEEE}
}

@article{krioukov2010hyperbolic,
  title={Hyperbolic geometry of complex networks},
  author={Krioukov, Dmitri and Papadopoulos, Fragkiskos and Kitsak, Maksim and Vahdat, Amin and Bogu{\~n}{\'a}, Mari{\'a}n},
  journal={Phys. Rev. E},
  volume={82},
  number={3},
  year={2010}
}

@Article{ma-2017,
author="Ma, Fuda
and Hao, Jin-Kao",
title="A multiple search operator heuristic for the max-$k$-cut problem",
journal="Annals Oper. Res.",
year="2017",
month="Jan",
day="01",
volume="248",
number="1",
pages="365--403",
issn="1572-9338",
_doi="10.1007/s10479-016-2234-0"
}

@Article{Kochenberger2013,
author="Kochenberger, Gary A.
and Hao, Jin-Kao
and L{\"u}, Zhipeng
and Wang, Haibo
and Glover, Fred",
title="Solving large scale Max Cut problems via tabu search",
journal="J. Heuristics",
year="2013",
month="Aug",
day="01",
volume="19",
number="4",
pages="565--571",
}

@inproceedings{Arraiz2009,
 author = {Arr\'{a}iz, Emely and Olivo, Oswaldo},
 title = {Competitive Simulated Annealing and Tabu Search Algorithms for the {M}ax-{C}ut Problem},
 booktitle = {Proc. GECCO 2009},
 year = {2009},
 pages = {1797--1798},
}

@article{Wang2013,
title = "Probabilistic {GRASP}-Tabu Search algorithms for the {UBQP} problem",
journal = "Computers Oper. Res.",
volume = "40",
number = "12",
pages = "3100--3107",
year = "2013",
author = "Yang Wang and Zhipeng {L\"u} and Fred Glover and Jin-Kao Hao",
}

@article{Benlic2013,
title = "Breakout Local Search for the {M}ax-{C}ut problem",
journal = "Engineering Appl. Artificial Intelligence",
volume = "26",
number = "3",
pages = "1162--1173",
year = "2013",
author = "Una Benlic and Jin-Kao Hao",
}

@mastersthesis{maFerizovic,
  title = {A Practical Analysis of Kernelization Techniques for the Maximum Cut Problem},
        author = {Damir Ferizovic},
        year = {2019},
        type = {{Master's Thesis}},
        school = {Karlsruhe University of Technology}
        }
